@misc{andrei_novikov_2018_1254845,
    author       = {Andrei Novikov},
    title        = {annoviko/pyclustering: pyclustering 0.8.1 release},
    month        = may,
    year         = 2018,
    doi          = {10.5281/zenodo.1254845},
    url          = {https://doi.org/10.5281/zenodo.1254845}
}

@article{mcinnes2017hdbscan,
    title       = {hdbscan: Hierarchical density based clustering},
    author      = {McInnes, Leland and Healy, John and Astels, Steve},
    journal     = {The Journal of Open Source Software},
    volume      = {2},
    number      = {11},
    pages       = {205},
    year        = {2017}
}

@article{scikit-learn,
    title       = {Scikit-learn: Machine Learning in {P}ython},
    author      = {Pedregosa, F. and Varoquaux, G. and Gramfort, A. and Michel, V.
                   and Thirion, B. and Grisel, O. and Blondel, M. and Prettenhofer, P.
                   and Weiss, R. and Dubourg, V. and Vanderplas, J. and Passos, A. and
                   Cournapeau, D. and Brucher, M. and Perrot, M. and Duchesnay, E.},
    journal     = {Journal of Machine Learning Research},
    volume      = {12},
    pages       = {2825--2830},
    year        = {2011}
}

@article{hm,
    author       = {P. H. Hasselmann et al.},
    title        = {Characterizing spectral continuity in SDSS u’g’r’i’z’ asteroid photometry},
    year         = 2018,
    url          = {http://adsabs.harvard.edu/abs/2014acm..conf..206H},
    journal      = {Astronomy \& Astrophysics}
}

@article{hm_gmode,
    author       = {P. H. Hasselmann et al.},
    title        = {Adapted G-mode Clustering Method applied to Asteroid Taxonomy},
    year         = 2013,
    journal      = {PROC. OF THE 12th PYTHON IN SCIENCE CONFERENCE}
}

@article{Carvano,
    author       = {J. M. Carvano and P. H. Hasselmann and D. Lazzaro and T. Mothé-Diniz},
    title        = {{SDSS}-based taxonomic classification and orbital distribution of main belt asteroids},
    year         = 2009,
    journal      = {Astronomy and Physics}
}

@article{Autoclass,
    author       = {\u{Z}. Ivezi\'{c} et al.},
    title        = {Solar System Objects in the {SDSS} Commissioning Data},
    month        = {july},
    year         = 2001,
    journal      = {The Astronomical Journal}
}

@article{binzal_colors,
    author       = {R. P. Binzel et al.},
    title        = {SEARCHING FOR V-TYPE AND Q-TYPE MAIN-BELT ASTEROIDS BASED ON SDSS COLORS},
    year         = 2007,
    url          = {https://www.lpi.usra.edu/meetings/lpsc2007/pdf/1851.pdf},
    journal      = {Lunar and Planetary Science}
}

@article{sanchez,
    author       = {Juan A. Sanchez et al.},
    title        = {Phase reddening on near-Earth asteroids: Implications for mineralogical analysis, space weathering and taxonomic classification},
    year         = 2012,
    url          = {https://www.sciencedirect.com/science/article/abs/pii/S0019103512001376?via\%3Dihub},
    journal      = {Icarus}
}

@thesis{bus_thesis,
    author = {Bus, S. J.},
    title = {Compositional Structure in the Asteroid Belt:  Results of a Spectroscopic Survey},
    year = 1999
    school = {Massachusetts Institute of Technology}
}
@article{zappal_clustering,
   author = {{Zappal{\`a}}, V. and {Bendjoya}, P. and {Cellino}, A. and {Farinella}, P. and 
	{Froeschl{\'e}}, C.},
    title = "{Asteroid families: Search of a 12,487-asteroid sample using two different clustering techniques.}",
  journal = {Icarus},
     year = 1995,
    month = aug,
   volume = 116,
    pages = {291-314},
      doi = {10.1006/icar.1995.1127},
   adsurl = {http://adsabs.harvard.edu/abs/1995Icar..116..291Z},
  adsnote = {Provided by the SAO/NASA Astrophysics Data System}
}

@article{chapman_classification,
   author = {{Chapman}, C.~R. and {Morrison}, D. and {Zellner}, B.},
    title = "{Surface properties of asteroids - A synthesis of polarimetry, radiometry, and spectrophotometry}",
  journal = {Icarus},
 keywords = {Asteroids, Astronomical Photometry, Chemical Composition, Infrared Radiometers, Polarimetry, Surface Properties, Albedo, Colorimetry, Mineralogy, Planetary Surfaces, Spectrophotometry, Tables (Data)},
     year = 1975,
    month = may,
   volume = 25,
    pages = {104-130},
      doi = {10.1016/0019-1035(75)90191-8},
   adsurl = {http://adsabs.harvard.edu/abs/1975Icar...25..104C},
  adsnote = {Provided by the SAO/NASA Astrophysics Data System}
}

@article{binzel_classification,
   author = {{Bus}, S.~J. and {Binzel}, R.~P.},
    title = "{Phase II of the Small Main-Belt Asteroid Spectroscopic Survey. A Feature-Based Taxonomy}",
  journal = {Icarus},
     year = 2002,
    month = jul,
   volume = 158,
    pages = {146-177},
      doi = {10.1006/icar.2002.6856},
   adsurl = {http://adsabs.harvard.edu/abs/2002Icar..158..146B},
  adsnote = {Provided by the SAO/NASA Astrophysics Data System}
}

@article{sanchez_galaxies,
   author = {{S{\'a}nchez Almeida}, J. and {Aguerri}, J.~A.~L. and {Mu{\~n}oz-Tu{\~n}{\'o}n}, C. and 
	{de Vicente}, A.},
    title = "{Automatic Unsupervised Classification of All Sloan Digital Sky Survey Data Release 7 Galaxy Spectra}",
  journal = {American Journal of Physics},
archivePrefix = "arXiv",
   eprint = {1003.3186},
 keywords = {catalogs, galaxies: evolution, galaxies: fundamental parameters, galaxies: statistics, methods: statistical},
     year = 2010,
    month = may,
   volume = 714,
    pages = {487-504},
      doi = {10.1088/0004-637X/714/1/487},
   adsurl = {http://adsabs.harvard.edu/abs/2010ApJ...714..487S},
  adsnote = {Provided by the SAO/NASA Astrophysics Data System}
}

@Inbook{Jin2010,
author="Jin, Xin
and Han, Jiawei",
editor="Sammut, Claude
and Webb, Geoffrey I.",
title="K-Medoids Clustering",
bookTitle="Encyclopedia of Machine Learning",
year="2010",
publisher="Springer US",
address="Boston, MA",
pages="564--565",
isbn="978-0-387-30164-8",
doi="10.1007/978-0-387-30164-8_426",
url="https://doi.org/10.1007/978-0-387-30164-8_426"
}

