@misc{andrei_novikov_2018_1254845,
    author       = {Andrei Novikov},
    title        = {annoviko/pyclustering: pyclustering 0.8.1 release},
    month        = may,
    year         = 2018,
    doi          = {10.5281/zenodo.1254845},
    url          = {https://doi.org/10.5281/zenodo.1254845}
}


@article{Carvano,
    author       = {J. M. Carvano and P. H. Hasselmann and D. Lazzaro and T. Moth√©-Diniz},
    title        = {{SDSS}-based taxonomic classification and orbital distribution of main belt asteroids},
    year         = 2009,
    journal      = {Astronomy and Physics}
}

@article{Autoclass,
    author       = {\u{Z}. Ivezi\'{c} et al.},
    title        = {Solar System Objects in the {SDSS} Commissioning Data},
    month        = july,
    year         = 2001,
    journal      = {The Astronomical Journal}
}

@article{binzal_colors,
    author       = {R. P. Binzel et al.},
    title        = {SEARCHING FOR V-TYPE AND Q-TYPE MAIN-BELT ASTEROIDS BASED ON SDSS COLORS},
    year         = 2007,
    url          = {https://www.lpi.usra.edu/meetings/lpsc2007/pdf/1851.pdf}
    journal      = {Lunar and Planetary Science}
                
}

@article{zappal_clustering,
   author = {{Zappal{\`a}}, V. and {Bendjoya}, P. and {Cellino}, A. and {Farinella}, P. and 
	{Froeschl{\'e}}, C.},
    title = "{Asteroid families: Search of a 12,487-asteroid sample using two different clustering techniques.}",
  journal = {\icarus},
     year = 1995,
    month = aug,
   volume = 116,
    pages = {291-314},
      doi = {10.1006/icar.1995.1127},
   adsurl = {http://adsabs.harvard.edu/abs/1995Icar..116..291Z},
  adsnote = {Provided by the SAO/NASA Astrophysics Data System}
}

@article{chapman_classification,
   author = {{Chapman}, C.~R. and {Morrison}, D. and {Zellner}, B.},
    title = "{Surface properties of asteroids - A synthesis of polarimetry, radiometry, and spectrophotometry}",
  journal = {\icarus},
 keywords = {Asteroids, Astronomical Photometry, Chemical Composition, Infrared Radiometers, Polarimetry, Surface Properties, Albedo, Colorimetry, Mineralogy, Planetary Surfaces, Spectrophotometry, Tables (Data)},
     year = 1975,
    month = may,
   volume = 25,
    pages = {104-130},
      doi = {10.1016/0019-1035(75)90191-8},
   adsurl = {http://adsabs.harvard.edu/abs/1975Icar...25..104C},
  adsnote = {Provided by the SAO/NASA Astrophysics Data System}
}

@article{binzel_classification,
   author = {{Bus}, S.~J. and {Binzel}, R.~P.},
    title = "{Phase II of the Small Main-Belt Asteroid Spectroscopic Survey. A Feature-Based Taxonomy}",
  journal = {\icarus},
     year = 2002,
    month = jul,
   volume = 158,
    pages = {146-177},
      doi = {10.1006/icar.2002.6856},
   adsurl = {http://adsabs.harvard.edu/abs/2002Icar..158..146B},
  adsnote = {Provided by the SAO/NASA Astrophysics Data System}
}

@article{sanchez_galaxies,
   author = {{S{\'a}nchez Almeida}, J. and {Aguerri}, J.~A.~L. and {Mu{\~n}oz-Tu{\~n}{\'o}n}, C. and 
	{de Vicente}, A.},
    title = "{Automatic Unsupervised Classification of All Sloan Digital Sky Survey Data Release 7 Galaxy Spectra}",
  journal = {\apj},
archivePrefix = "arXiv",
   eprint = {1003.3186},
 keywords = {catalogs, galaxies: evolution, galaxies: fundamental parameters, galaxies: statistics, methods: statistical},
     year = 2010,
    month = may,
   volume = 714,
    pages = {487-504},
      doi = {10.1088/0004-637X/714/1/487},
   adsurl = {http://adsabs.harvard.edu/abs/2010ApJ...714..487S},
  adsnote = {Provided by the SAO/NASA Astrophysics Data System}
}

@misc{tensorflow,
    title = {{TensorFlow}: Large-Scale Machine Learning on Heterogeneous Systems},
      url = {http://tensorflow.org/},
     note = {Software available from tensorflow.org},
   author = {Mart\'{\i}n~Abadi et al.},
     year = {2015},
}